% Encoding: UTF-8

@Book{atiyah-macdonald,
  author    = {Atiyah, Michael and Macdonald, Ian},
  title     = {Introduction to Commutative Algebra},
  year      = {2004},
  series    = {Addison-Wesley Series in Mathematics},
  publisher = {Westview},
}

@Book{eisenbud,
  author    = {David Eisenbud},
  title     = {Commutative Algebra with a View Toward Algebraic Geometry},
  year      = {1995},
  publisher = {Springer New York},
}

@Book{matsumura,
  author    = {Hideyuki Matsumura},
  title     = {Commutative Algebra},
  year      = {1980},
  publisher = {Benjamin-Cummings Pub Co},
}

@Comment{jabref-meta: databaseType:biblatex;}
